<record><leader>00000cas a22000007a 4500</leader><controlfield tag="001">8800123</controlfield><controlfield tag="008">820923d18821891ctudn ne      0   a0eng  </controlfield><controlfield tag="009">466</controlfield><datafield ind1=" " ind2=" " tag="010"><subfield code="a">sn 82014803 </subfield></datafield><datafield ind1=" " ind2=" " tag="040"><subfield code="a">DLC</subfield><subfield code="b">eng</subfield><subfield code="c">DLC</subfield><subfield code="d">NPU</subfield><subfield code="d">DLC</subfield><subfield code="d">MFN</subfield><subfield code="d">CNW</subfield><subfield code="d">OCLCO</subfield><subfield code="d">OCLCA</subfield><subfield code="d">OCLCF</subfield></datafield><datafield ind1="1" ind2=" " tag="029"><subfield code="a">AU@</subfield><subfield code="b">000020345781</subfield></datafield><datafield ind1=" " ind2=" " tag="042"><subfield code="a">msc</subfield></datafield><datafield ind1="0" ind2="0" tag="050"><subfield code="a">Newspaper 7225-X</subfield></datafield><datafield ind1="0" ind2=" " tag="130"><subfield code="a">Morning news (New Haven, Conn. : 1882)</subfield></datafield><datafield ind1="0" ind2="4" tag="245"><subfield code="a">The morning news.</subfield></datafield><datafield ind1="1" ind2="7" tag="246"><subfield code="a">New-Haven morning news</subfield><subfield code="f">Apr 2, 1883-&lt;Jun. 1890&gt;</subfield></datafield><datafield ind1="0" ind2="3" tag="246"><subfield code="a">News</subfield><subfield code="f">Nov. 17, 1890-Nov. 18, 1890</subfield></datafield><datafield ind1=" " ind2=" " tag="260"><subfield code="a">New Haven [Conn.] :</subfield><subfield code="b">[s.n.],</subfield></datafield><datafield ind1=" " ind2=" " tag="300"><subfield code="a">v.</subfield></datafield><datafield ind1=" " ind2=" " tag="310"><subfield code="a">Daily (except Sun.)</subfield></datafield><datafield ind1="0" ind2=" " tag="362"><subfield code="a">Dec. 4, 1882-Apr. 8, 1891.</subfield></datafield><datafield ind1=" " ind2=" " tag="500"><subfield code="a">Issues for Apr. 7, 1883-  published by Morning News Co.</subfield></datafield><datafield ind1=" " ind2=" " tag="515"><subfield code="a">Issues for 1883-May 21, 1890 called: Vol. 2, no. 1-v.12, no. 121.</subfield></datafield><datafield ind1=" " ind2=" " tag="530"><subfield code="a">Also available on microfilm from Connecticut State Library, Hartford, CT.</subfield></datafield><datafield ind1=" " ind2=" " tag="580"><subfield code="a">Other edition available: New Haven evening news, Nov.10, 1890-&lt;Dec. 16, 1890&gt;.</subfield></datafield><datafield ind1=" " ind2="0" tag="651"><subfield code="a">New Haven (Conn.)</subfield><subfield code="v">Newspapers.</subfield></datafield><datafield ind1=" " ind2="7" tag="655"><subfield code="a">Newspapers.</subfield><subfield code="2">fast</subfield><subfield code="0">(OCoLC)fst01423814</subfield></datafield><datafield ind1=" " ind2="7" tag="651"><subfield code="a">Connecticut</subfield><subfield code="z">New Haven.</subfield><subfield code="2">fast</subfield><subfield code="0">(OCoLC)fst01206280</subfield></datafield><datafield ind1=" " ind2=" " tag="752"><subfield code="a">United States</subfield><subfield code="b">Connecticut</subfield><subfield code="c">New Haven</subfield><subfield code="d">New Haven.</subfield></datafield><datafield ind1="1" ind2=" " tag="775"><subfield code="t">New Haven evening news</subfield></datafield><datafield ind1="0" ind2="0" tag="780"><subfield code="t">Observer (New Haven, Conn.)</subfield><subfield code="w">(DLC)sn 93053990</subfield><subfield code="w">(OCoLC)28202620</subfield></datafield><datafield ind1="0" ind2="0" tag="785"><subfield code="t">New Haven news (New Haven, Conn.)</subfield><subfield code="w">(DLC)sn 93054110</subfield><subfield code="w">(OCoLC)29042112</subfield></datafield></record>